
@inproceedings{vijay1990polynomial,
  title = {Polynomial time parsing of combinatory categorial grammars},
  author = {Vijay-Shanker, Krishnamurti and Weir, David},
  booktitle = {28th Annual Meeting of the Association for Computational
               Linguistics},
  pages = {1--8},
  year = {1990},
}

@article{steedman1993categorial,
  title = {Categorial grammar},
  author = {Steedman, M},
  journal = {Lingua},
  year = {1993},
}

@inproceedings{hefny2011incremental,
  title = {Incremental combinatory categorial grammar and its derivations},
  author = {Hefny, Ahmed and Hassan, Hany and Bahgat, Mohamed},
  booktitle = {International Conference on Intelligent Text Processing and
               Computational Linguistics},
  pages = {96--108},
  year = {2011},
  organization = {Springer},
}


@inproceedings{eisner1996efficient,
  title = {Efficient Normal-Form Parsing for Combinatory Categorial Grammar},
  author = {Eisner, Jason},
  booktitle = {34th Annual Meeting of the Association for Computational
               Linguistics},
  pages = {79--86},
  year = {1996},
}

@book{steedman2000syntactic,
  title = {The syntactic process},
  author = {Steedman, Mark},
  year = {2000},
  publisher = {MIT press},
}

@incollection{van1988lambek,
  title = {The lambek calculus},
  author = {Van Benthem, Johan},
  booktitle = {Categorial grammars and natural language structures},
  pages = {35--68},
  year = {1988},
}

@inproceedings{demberg2012incremental,
  title = {Incremental derivations in CCG},
  author = {Demberg, Vera},
  booktitle = {Proceedings of the 11th International Workshop on Tree Adjoining
               Grammars and Related Formalisms (TAG+ 11)},
  pages = {198--206},
  year = {2012},
}

@incollection{moortgat1988mixed,
  title = {Mixed composition and discontinuous dependencies},
  author = {Moortgat, Michael},
  booktitle = {Categorial Grammars and Natural Language Structures},
  pages = {319--348},
  year = {1988},
}

@article{frazier1982making,
  title = {Making and correcting errors during sentence comprehension: Eye
           movements in the analysis of structurally ambiguous sentences},
  author = {Frazier, Lyn and Rayner, Keith},
  journal = {Cognitive psychology},
  volume = {14},
  number = {2},
  pages = {178--210},
  year = {1982},
}

@book{smullyan2000mock,
  title = {To Mock a Mockingbird: and other logic puzzles including an amazing
           adventure in combinatory logic},
  author = {Smullyan, Raymond M},
  year = {2000},
  publisher = {Oxford University Press, USA},
}

@inproceedings{ambati2015incremental,
  title = {An incremental algorithm for transition-based CCG parsing},
  author = {Ambati, Bharat Ram and Deoskar, Tejaswini and Johnson, Mark and
            Steedman, Mark},
  booktitle = {Proceedings of the 2015 conference of the North American chapter
               of the association for computational linguistics: Human language
               technologies},
  pages = {53--63},
  year = {2015},
}

@inproceedings{stanojevic2019ccg,
  title = {CCG parsing algorithm with incremental tree rotation},
  author = {Stanojevi{\'c}, Milo{\v{s}} and Steedman, Mark},
  booktitle = {Proceedings of the 2019 Conference of the North American Chapter
               of the Association for Computational Linguistics: Human Language
               Technologies, Volume 1 (Long and Short Papers)},
  pages = {228--239},
  year = {2019},
}

@inproceedings{stanojevic2020max,
  title = {Max-Margin Incremental CCG Parsing},
  author = {Stanojevi{\'c}, Milo{\v{s}} and Steedman, Mark},
  booktitle = {Proceedings of the 58th Annual Meeting of the Association for
               Computational Linguistics},
  pages = {4111--4122},
  year = {2020},
}

@article{marcus1993building,
  title = {Building a large annotated corpus of English: The Penn Treebank},
  author = {Marcus, Mitchell and Santorini, Beatrice and Marcinkiewicz, Mary Ann
            },
  year = {1993},
}
